@ARTICLE{Laibe:2014,
       author = {{Laibe}, Guillaume and {Price}, Daniel J.},
        title = "{Dust and gas mixtures with multiple grain species - a one-fluid approach}",
      journal = {\mnras},
     keywords = {hydrodynamics, methods: numerical, protoplanetary discs, dust, extinction, Astrophysics - Earth and Planetary Astrophysics},
         year = "2014",
        month = "Oct",
       volume = {444},
       number = {2},
        pages = {1940-1956},
          doi = {10.1093/mnras/stu1367},
archivePrefix = {arXiv},
       eprint = {1407.3569},
 primaryClass = {astro-ph.EP},
       adsurl = {https://ui.adsabs.harvard.edu/abs/2014MNRAS.444.1940L},
      adsnote = {Provided by the SAO/NASA Astrophysics Data System}
}

@ARTICLE{Laibe:2011,
       author = {{Laibe}, Guillaume and {Price}, Daniel J.},
        title = "{DUSTYBOX and DUSTYWAVE: two test problems for numerical simulations of two-fluid astrophysical dust-gas mixtures}",
      journal = {\mnras},
     keywords = {hydrodynamics, waves, methods: analytical, methods: numerical, dust, extinction, Astrophysics - Earth and Planetary Astrophysics, Astrophysics - Instrumentation and Methods for Astrophysics},
         year = "2011",
        month = "Dec",
       volume = {418},
       number = {3},
        pages = {1491-1497},
          doi = {10.1111/j.1365-2966.2011.19291.x},
archivePrefix = {arXiv},
       eprint = {1106.1736},
 primaryClass = {astro-ph.EP},
       adsurl = {https://ui.adsabs.harvard.edu/abs/2011MNRAS.418.1491L},
      adsnote = {Provided by the SAO/NASA Astrophysics Data System}
}

@ARTICLE{Epstein:1924,
       author = {{Epstein}, Paul S.},
        title = "{On the Resistance Experienced by Spheres in their Motion through Gases}",
      journal = {Physical Review},
         year = "1924",
        month = "Jun",
       volume = {23},
       number = {6},
        pages = {710-733},
          doi = {10.1103/PhysRev.23.710},
       adsurl = {https://ui.adsabs.harvard.edu/abs/1924PhRv...23..710E},
      adsnote = {Provided by the SAO/NASA Astrophysics Data System}
}

@ARTICLE{Hutchison:2018,
       author = {{Hutchison}, Mark and {Price}, Daniel J. and {Laibe}, Guillaume},
        title = "{MULTIGRAIN: a smoothed particle hydrodynamic algorithm for multiple small dust grains and gas}",
      journal = {\mnras},
     keywords = {hydrodynamics, methods: numerical, protoplanetary discs, dust, extinction, ISM: kinematics and dynamics, Astrophysics - Instrumentation and Methods for Astrophysics, Astrophysics - Earth and Planetary Astrophysics},
         year = "2018",
        month = "May",
       volume = {476},
       number = {2},
        pages = {2186-2198},
          doi = {10.1093/mnras/sty367},
archivePrefix = {arXiv},
       eprint = {1802.03213},
 primaryClass = {astro-ph.IM},
       adsurl = {https://ui.adsabs.harvard.edu/abs/2018MNRAS.476.2186H},
      adsnote = {Provided by the SAO/NASA Astrophysics Data System}
}
